@online{Wiki_InterpolacionBil,
    author = "None",
    title = "Bilineal Interpolation",
    url  = "https://en.wikipedia.org/wiki/Bilinear_interpolation",
    addendum = "(accessed: 27.09.2021)",
    keywords = "bilineal,equation"
}